@inproceedings{Hakim2019,
   abstract = {Turbidity has an indication that the liquid has been contaminated. In the testing process, turbidity in water can only be measured by sampling. To be able to maintain the quality of water, required a tool that can monitor and measure the level of turbidity of water in real time. water turbidity sensor SEN0189 is a sensor that works by measuring the amount of light from infrared led into the phototransistor that will produce the output voltage on the sensor. The study was conducted to be able to characterize the ability of sensors in detecting water turbidity. The method used is to test the sensors using sediment soil that has been filtered with a diameter of <60μm to be added into the pond containing 1 liter of water. The results show that the greater the concentration of sediment dissolved in the water pool the sensor output voltage will be smaller. The sensor has a sensitivity of -0.0008 and the output voltage when the sensor detects 0 NTU is 3.9994 volts with 5V operating voltage and the sensor can detect water turbidity linearly within the test range 1.873 NTU to 1011.93 NTU.},
   author = {W. L. Hakim and L. Hasanah and B. Mulyanti and A. Aminudin},
   doi = {10.1088/1742-6596/1280/2/022064},
   issn = {17426596},
   issue = {2},
   journal = {Journal of Physics: Conference Series},
   month = {11},
   publisher = {Institute of Physics Publishing},
   title = {Characterization of turbidity water sensor SEN0189 on the changes of total suspended solids in the water},
   volume = {1280},
   year = {2019},
}
@Manual{R-base,
  title = {R: A Language and Environment for Statistical Computing},
  author = {{R Core Team}},
  organization = {R Foundation for Statistical Computing},
  address = {Vienna, Austria},
  year = {2020},
  url = {https://www.R-project.org/},
}
@Manual{R-papaja,
  author = {Frederik Aust and Marius Barth},
  title = {{papaja}: {Create} {APA} manuscripts with {R Markdown}},
  year = {2020},
  note = {R package version 0.1.0.9997},
  url = {https://github.com/crsh/papaja},
}
䵀湡慵筬ⵒ慢敳ബ 琠瑩敬㴠笠㩒䄠䰠湡畧条⁥湡⁤湅楶潲浮湥⁴潦⁲瑓瑡獩楴慣⁬潃灭瑵湩絧ബ 愠瑵潨⁲‽筻⁒潃敲吠慥絭ⱽ਍†牯慧楮慺楴湯㴠笠⁒潆湵慤楴湯映牯匠慴楴瑳捩污䌠浯異楴杮ⱽ਍†摡牤獥⁳‽噻敩湮ⱡ䄠獵牴慩ⱽ਍†敹牡㴠笠〲〲ⱽ਍†牵⁬‽桻瑴獰⼺眯睷刮瀭潲敪瑣漮杲累ബ紊਍䵀湡慵筬ⵒ慰慰慪ബ 愠瑵潨⁲‽䙻敲敤楲⁫畁瑳愠摮䴠牡畩⁳慂瑲絨ബ 琠瑩敬㴠笠灻灡橡絡›䍻敲瑡絥笠偁絁洠湡獵牣灩獴眠瑩⁨剻䴠牡摫睯絮ⱽ਍†敹牡㴠笠〲〲ⱽ਍†潮整㴠笠⁒慰正条⁥敶獲潩⁮⸰⸱⸰㤹㜹ⱽ਍†牵⁬‽桻瑴獰⼺术瑩畨⹢潣⽭牣桳瀯灡橡絡ബ紊਍